@misc{tvrdik,
    author  = "prof. Ing. Pavel Tvrdík CSc.",
    title   = "Paralelní systémy a algoritmy",
}

@misc{kolar,
    author  = "doc.RNDr. Josef Kolář, CSc. ",
    title   = "Teoretická informatika",
}

@misc{sochMPI,
    author  = "Michal Šoch",
    title   = "Programovaní pod {MPI}",
}
